@article{yang2024finrobot,
  title={FinRobot: an open-source AI agent platform for financial applications using large language models},
  author={Yang, Hongyang and Zhang, Boyu and Wang, Neng and Guo, Cheng and Zhang, Xiaoli and Lin, Likun and Wang, Junlin and Zhou, Tianyu and Guan, Mao and Zhang, Runjia and others},
  journal={arXiv preprint arXiv:2405.14767},
  year={2024}
}
@article{huang2024multi,
  title={A multi-agent reinforcement learning framework for optimizing financial trading strategies based on TimesNet},
  author={Huang, Yuling and Zhou, Chujin and Cui, Kai and Lu, Xiaoping},
  journal={Expert Systems with Applications},
  volume={237},
  pages={121502},
  year={2024},
  publisher={Elsevier}
}
@article{chen2022learning,
  title={Learning to optimize: A primer and a benchmark},
  author={Chen, Tianlong and Chen, Xiaohan and Chen, Wuyang and Heaton, Howard and Liu, Jialin and Wang, Zhangyang and Yin, Wotao},
  journal={Journal of Machine Learning Research},
  volume={23},
  number={189},
  pages={1--59},
  year={2022}
}
@article{andrychowicz2016learning,
  title={Learning to learn by gradient descent by gradient descent},
  author={Andrychowicz, Marcin and Denil, Misha and Gomez, Sergio and Hoffman, Matthew W and Pfau, David and Schaul, Tom and Shillingford, Brendan and De Freitas, Nando},
  journal={Advances in neural information processing systems},
  volume={29},
  year={2016}
}
@article{arora2025ai,
  title={AI--Human Hybrids for Marketing Research: Leveraging Large Language Models (LLMs) as Collaborators},
  author={Arora, Neeraj and Chakraborty, Ishita and Nishimura, Yohei},
  journal={Journal of Marketing},
  volume={89},
  number={2},
  pages={43--70},
  year={2025},
  publisher={SAGE Publications Sage CA: Los Angeles, CA}
}
@article{wang2024large,
  title={Large Language Models for Market Research: A Data-augmentation Approach},
  author={Wang, Mengxin and Zhang, Dennis J and Zhang, Heng},
  journal={arXiv preprint arXiv:2412.19363},
  year={2024}
}
@article{benidis2022deep,
  title={Deep learning for time series forecasting: Tutorial and literature survey},
  author={Benidis, Konstantinos and Rangapuram, Syama Sundar and Flunkert, Valentin and Wang, Yuyang and Maddix, Danielle and Turkmen, Caner and Gasthaus, Jan and Bohlke-Schneider, Michael and Salinas, David and Stella, Lorenzo and others},
  journal={ACM Computing Surveys},
  volume={55},
  number={6},
  pages={1--36},
  year={2022},
  publisher={ACM New York, NY}
}
@article{lim2021time,
  title={Time-series forecasting with deep learning: a survey},
  author={Lim, Bryan and Zohren, Stefan},
  journal={Philosophical Transactions of the Royal Society A},
  volume={379},
  number={2194},
  pages={20200209},
  year={2021},
  publisher={The Royal Society Publishing}
}
@article{athey2019machine,
  title={Machine learning methods that economists should know about},
  author={Athey, Susan and Imbens, Guido W},
  journal={Annual Review of Economics},
  volume={11},
  number={1},
  pages={685--725},
  year={2019},
  publisher={Annual Reviews}
}
@misc{chernozhukov2018double,
  title={Double/debiased machine learning for treatment and structural parameters},
  author={Chernozhukov, Victor and Chetverikov, Denis and Demirer, Mert and Duflo, Esther and Hansen, Christian and Newey, Whitney and Robins, James},
  year={2018},
  publisher={Oxford University Press Oxford, UK}
}
@article{sandholm2010state,
  title={The state of solving large incomplete-information games, and application to poker},
  author={Sandholm, Tuomas},
  journal={Ai Magazine},
  volume={31},
  number={4},
  pages={13--32},
  year={2010}
}
@article{hu2023recent,
  title={Recent developments in machine learning methods for stochastic control and games},
  author={Hu, Ruimeng and Lauriere, Mathieu},
  journal={arXiv preprint arXiv:2303.10257},
  year={2023}
}
@inproceedings{shen2025reduced,
  title={Reduced effectiveness of kolmogorov-arnold networks on functions with noise},
  author={Shen, Haoran and Zeng, Chen and Wang, Jiahui and Wang, Qiao},
  booktitle={ICASSP 2025-2025 IEEE International Conference on Acoustics, Speech and Signal Processing (ICASSP)},
  pages={1--5},
  year={2025},
  organization={IEEE}
}
@inproceedings{lee2025kolmogorov,
  title={Kolmogorov-Arnold Networks Still Catastrophically Forget but Differently from MLP},
  author={Lee, Anton and Gomes, Heitor Murilo and Zhang, Yaqian and Kleijn, W Bastiaan},
  booktitle={Proceedings of the AAAI Conference on Artificial Intelligence},
  volume={39},
  number={17},
  pages={18053--18061},
  year={2025}
}
@article{ke2018coordinating,
  title={Coordinating the discount policies for retailer, wholesaler, and less-than-truckload carrier under price-sensitive demand: A tri-level optimization approach},
  author={Ke, Ginger Y and Bookbinder, James H},
  journal={International Journal of Production Economics},
  volume={196},
  pages={82--100},
  year={2018},
  publisher={Elsevier}
}
@article{zhao2023optimizing,
  title={Optimizing pricing and inventory strategies for dietary supplement production under stochastic demand},
  author={Zhao, Yaping and Luo, Hao and Chen, Qingyue and Xu, Xiaoyun},
  journal={Industrial Management \& Data Systems},
  volume={123},
  number={8},
  pages={2013--2037},
  year={2023},
  publisher={Emerald Publishing Limited}
}
@article{lee2007coordination,
  title={Coordination on stocking and progressive pricing policies for a supply chain},
  author={Lee, Chang Hwan},
  journal={International Journal of Production Economics},
  volume={106},
  number={1},
  pages={307--319},
  year={2007},
  publisher={Elsevier}
}
@article{Mahapatra2025,
  author = {Mahapatra, Amalendu Singha and Sengupta, Shahana and Dasgupta, Arup and Sarkar, Biswajit and Goswami, Radha Tamal},
  title = {What is the impact of demand patterns on integrated online-offline and buy-online-pickup in-store (BOPS) retail in a smart supply chain management?},
  journal = {Journal of Retailing and Consumer Services},
  year = {2025},
  volume = {82},
  pages = {104093},
  doi = {10.1016/j.jretconser.2024.104093}
}

@article{Lu2024,
  author = {Lu, Jialiang and Zheng, Xu and Nervino, Esterina and Li, Yanzhi and Xu, Zhihua and Xu, Yabo},
  title = {Retail store location screening: A machine learning-based approach},
  journal = {Journal of Retailing and Consumer Services},
  year = {2024},
  volume = {77},
  pages = {103620},
  doi = {10.1016/j.jretconser.2023.103620}
}

@article{Badakhshan2024,
  author = {Badakhshan, Ehsan and Mustafee, Navonil and Bahadori, Ramin},
  title = {Application of simulation and machine learning in supply chain management: A synthesis of the literature using the Sim-ML literature classification framework},
  journal = {Computers \& Industrial Engineering},
  year = {2024},
  volume = {198},
  pages = {110649},
  doi = {10.1016/j.cie.2024.110649}
}

@article{Hashemi-Amiri2023,
  author = {Hashemi-Amiri, Omid and Ghorbani, Fahimeh and Ji, Ran},
  title = {Integrated supplier selection, scheduling, and routing problem for perishable product supply chain: A distributionally robust approach},
  journal = {Computers \& Industrial Engineering},
  year = {2023},
  volume = {175},
  pages = {108845},
  doi = {10.1016/j.cie.2022.108845}
}

@article{Hofmann2018,
  author = {Hofmann, Erik and Rutschmann, Emanuel},
  title = {Big data analytics and demand forecasting in supply chains: A conceptual analysis},
  journal = {The International Journal of Logistics Management},
  year = {2018},
  volume = {29},
  number = {2},
  pages = {739--766},
  doi = {10.1108/IJLM-04-2017-0088}
}

@article{Hochreiter1997,
  author = {Hochreiter, Sepp and Schmidhuber, J{\"u}rgen},
  title = {Long short-term memory},
  journal = {Neural Computation},
  year = {1997},
  volume = {9},
  number = {8},
  pages = {1735--1780},
  doi = {10.1162/neco.1997.9.8.1735}
}

@article{Chien2021,
  author = {Chien, Hsien-Yuan S and Turek, Jason S and Beckage, Nelson and Vo, Viet Anh and Honey, Christopher J and Willke, Thomas L},
  title = {Slower is Better: Revisiting the Forgetting Mechanism in LSTM for Slower Information Decay},
  journal = {arXiv preprint arXiv:2105.05944},
  year = {2021},
  doi = {10.48550/arXiv.2105.05944}
}

@article{Ellison2009,
  author = {Ellison, Glenn and Ellison, Sara Fisher},
  title = {Search, obfuscation, and price elasticities on the internet},
  journal = {Econometrica},
  year = {2009},
  volume = {77},
  number = {2},
  pages = {427--452},
  doi = {10.3982/ECTA5708}
}

@article{Chen2023,
  author = {Chen, Hsien-Wei and Lim, Alvin},
  title = {A network price elasticity of demand model with product substitution},
  journal = {Journal of Revenue and Pricing Management},
  year = {2023},
  volume = {22},
  number = {4},
  pages = {235--247},
  doi = {10.1057/s41272-022-00375-w}
}

@article{Mantrala2006,
  author = {Mantrala, Murali K and Seetharaman, PB and Kaul, Rajeeve and Gopalakrishna, Srinath and Stam, Antonie},
  title = {Optimal pricing strategies for an automotive aftermarket retailer},
  journal = {Journal of Marketing research},
  year = {2006},
  volume = {43},
  number = {4},
  pages = {588--604},
  doi = {10.1509/jmkr.43.4.588}
}

@article{Bell2019,
  author = {Bell, Andrew and Fairbrother, Malcolm and Jones, Kelvyn},
  title = {Fixed and random effects models: making an informed choice},
  journal = {Quality \& quantity},
  year = {2019},
  volume = {53},
  number = {2},
  pages = {1051--1074},
  doi = {10.1007/s11135-018-0802-x}
}

@article{Rushchitsky2016,
  author = {Rushchitsky, JJ},
  title = {On the constants of the nonlinear Murnaghan's hyperelastic material model},
  journal = {International Applied Mechanics},
  year = {2016},
  volume = {52},
  number = {5},
  pages = {508--519},
  doi = {10.1007/s10778-016-0771-5}
}

@article{Kamakura1996,
  author = {Kamakura, Wagner A and Kim, Byung-Do and Lee, Jonathan},
  title = {Modeling preference and structural heterogeneity in consumer choice},
  journal = {Marketing Science},
  year = {1996},
  volume = {15},
  number = {2},
  pages = {152--172},
  doi = {10.1287/mksc.15.2.152}
}

@article{Walters1996,
  author = {Walters, Rockney G and Bommer, William},
  title = {Measuring the impact of product and promotion-related factors on product category price elasticities},
  journal = {Journal of Business Research},
  year = {1996},
  volume = {36},
  number = {3},
  pages = {203--216},
  doi = {10.1016/0148-2963(95)00149-2}
}

@inproceedings{Belkourchia2019,
  author = {Belkourchia, Yassin and Azrar, Lahcen and Zeriab, Es-Sadek Mohamed},
  title = {A hybrid optimization algorithm for solving constrained engineering design problems},
  booktitle = {2019 5th International Conference on Optimization and Applications (ICOA)},
  year = {2019},
  pages = {1--7},
  doi = {10.1109/ICOA.2019.8727654}
}

@article{Gad2022a,
  author = {Gad, Ahmed G},
  title = {Particle swarm optimization algorithm and its applications: A systematic review},
  journal = {Archives of Computational Methods in Engineering},
  year = {2022},
  volume = {29},
  number = {6},
  pages = {2531--2561},
  doi = {10.1007/s11831-021-09694-4}
}

@article{Mehroliya2023,
  author = {Mehroliya, Shweta and Tomar, Shilpi and Arya, Anoop and Singh, B},
  title = {A novel hybrid GA-PSO algorithm-based optimization of transmission and expansion planning},
  journal = {SN Computer Science},
  year = {2023},
  volume = {4},
  number = {5},
  pages = {690},
  doi = {10.1007/s42979-023-02188-z}
}

@incollection{Yunzhu2023a,
  author = {Yunzhu, Liu},
  title = {Improvement of simulated annealing algorithm and its application in water environment engineering},
  booktitle = {Frontier Computing},
  year = {2023},
  pages = {1717--1729},
  doi = {10.1007/978-981-99-1428-9\_166}
}

@article{Gad2022b,
  author = {Gad, Ahmed G},
  title = {Particle Swarm Optimization Algorithm and Its Applications: A Systematic Review},
  journal = {Archives of Computational Methods in Engineering},
  year = {2022},
  volume = {29},
  pages = {2531--2561},
  doi = {10.1007/s11831-021-09694-4}
}

@article{Mangla2021,
  author = {Mangla, Chhavi and Ahmad, Musheer and Uddin, Moin},
  title = {Optimization of complex nonlinear systems using genetic algorithm},
  journal = {International Journal of Information Technology},
  year = {2021},
  volume = {13},
  number = {6},
  pages = {1913--1925},
  doi = {10.1007/s41870-020-00421-z}
}

@article{Genet2024,
  author = {Genet, R{\'e}mi and Inzirillo, H{\'e}l{\`e}ne},
  title = {TKAN: Temporal Kolmogorov-Arnold Networks},
  journal = {arXiv preprint arXiv:2405.07344},
  year = {2024},
  doi = {10.48550/arXiv.2405.07344}
}

@article{Ismailov2008,
  author = {Ismailov, V},
  title = {On the representation by linear superpositions},
  journal = {Journal of Approximation Theory},
  year = {2008},
  volume = {151},
  number = {2},
  pages = {113--125},
  doi = {10.1016/j.jat.2007.09.003}
}

@article{Beck2024,
  author = {Beck, Martin and P{\"o}ppel, Konstantin and Spanring, Manuel and Auer, Alexander and Prudnikova, Olga and Kopp, Matthias and Klambauer, G{\"u}nter and Brandstetter, Jakob and Hochreiter, Sepp},
  title = {xLSTM: Extended Long Short-Term Memory},
  journal = {arXiv preprint arXiv:2405.04517},
  year = {2024},
  doi = {10.48550/arXiv.2405.04517}
}

@article{Braun2009,
  author = {Braun, J{\"o}rg and Griebel, Michael},
  title = {On a constructive proof of Kolmogorov's superposition theorem},
  journal = {Constructive Approximation},
  year = {2009},
  volume = {30},
  number = {3},
  pages = {653--675},
  doi = {10.1007/s00365-009-9054-2}
}

@article{Tavares2011,
  author = {Tavares, R S and Martins, T C and Tsuzuki, M S G},
  title = {Simulated annealing with adaptive neighborhood: A case study in off-line robot path planning},
  journal = {Expert Systems with Applications},
  year = {2011},
  volume = {38},
  number = {4},
  pages = {2951--2965},
  doi = {10.1016/j.eswa.2010.08.084}
}

@inproceedings{Kennedy1995,
  author = {Kennedy, James and Eberhart, Russell},
  title = {Particle swarm optimization},
  booktitle = {Proceedings of ICNN'95 - International Conference on Neural Networks},
  year = {1995},
  volume = {4},
  pages = {1942--1948},
  doi = {10.1109/ICNN.1995.488968}
}

@article{Alhijawi2024,
  author = {Alhijawi, Baraa and Awajan, Anas},
  title = {Genetic algorithms: theory, genetic operators, solutions, and applications},
  journal = {Evolutionary Intelligence},
  year = {2024},
  volume = {17},
  pages = {1245--1256},
  doi = {10.1007/s12065-023-00822-6}
}

@article{Niroumandrad2024,
  author = {Niroumandrad, Neda and Lahrichi, Nadia and Lodi, Andrea},
  title = {Learning tabu search algorithms: A scheduling application},
  journal = {Computers \& Operations Research},
  year = {2024},
  volume = {170},
  pages = {106751},
  doi = {10.1016/j.cor.2024.106751}
}